<?xml version="1.0" encoding="UTF-8"?><collection xmlns="http://www.loc.gov/MARC21/slim"><record><leader>00522nam--2200169-i-4500</leader><controlfield tag="001">000022727</controlfield><controlfield tag="002">20161230</controlfield><controlfield tag="005">20161230201034</controlfield><controlfield tag="008">060222s1000------------r-----000-0-eng-d</controlfield><datafield ind1=" " ind2=" " tag="040"><subfield code="a">IFIN-HH</subfield></datafield><datafield ind1=" " ind2=" " tag="080"><subfield code="a">539.143.434.8</subfield></datafield><datafield ind1="1" ind2=" " tag="100"><subfield code="a">Gregory, Eugene Herbert</subfield></datafield><datafield ind1="1" ind2="0" tag="245"><subfield code="a">Ultrasonic excitation of nuclear spin resonance in single-crystal metallic tantalum</subfield><subfield code="c">Eugene herbert gregory</subfield></datafield><datafield ind1=" " ind2=" " tag="260"><subfield code="a">Los Angeles</subfield><subfield code="b">University Of California</subfield><subfield code="c">1965</subfield></datafield><datafield ind1=" " ind2=" " tag="300"><subfield code="a">XII + 101P</subfield></datafield><datafield ind1=" " ind2=" " tag="852"><subfield code="a">27289</subfield><subfield code="c">539.14</subfield></datafield><datafield ind1=" " ind2=" " tag="CAT"><subfield code="a">Sys</subfield><subfield code="c">20120327</subfield><subfield code="h">093749</subfield></datafield></record></collection>